<record><leader>01663cam a2200409 i 45 0</leader><controlfield tag="001">6697339</controlfield><controlfield tag="003">OCoLC</controlfield><controlfield tag="005">20140924153321.0</controlfield><controlfield tag="008">140714s2015    nyu    j b    001 0 eng c</controlfield><datafield ind1=" " ind2=" " tag="010"><subfield code="a">  2014027646</subfield></datafield><datafield ind1=" " ind2=" " tag="020"><subfield code="a">9781499400496 (library binding)</subfield></datafield><datafield ind1=" " ind2=" " tag="020"><subfield code="a">1499400497 (library binding)</subfield></datafield><datafield ind1=" " ind2=" " tag="020"><subfield code="a">9781499400656 (pbk.)</subfield></datafield><datafield ind1=" " ind2=" " tag="020"><subfield code="a">1499400659 (pbk.)</subfield></datafield><datafield ind1=" " ind2=" " tag="020"><subfield code="a">9781499400281 (6 pack)</subfield></datafield><datafield ind1=" " ind2=" " tag="020"><subfield code="a">1499400284 (6 pack)</subfield></datafield><datafield ind1=" " ind2=" " tag="035"><subfield code="a">ocn883749320</subfield></datafield><datafield ind1=" " ind2=" " tag="040"><subfield code="a">NJQ/DLC</subfield><subfield code="b">eng</subfield><subfield code="e">rda</subfield><subfield code="c">ZQP</subfield><subfield code="d">DLC</subfield><subfield code="d">OCLCO</subfield><subfield code="d">BDX</subfield><subfield code="d">AFMK</subfield></datafield><datafield ind1=" " ind2=" " tag="042"><subfield code="a">pcc</subfield></datafield><datafield ind1="0" ind2="0" tag="050"><subfield code="a">QH90.8.I57</subfield><subfield code="b">S65 2015</subfield></datafield><datafield ind1="0" ind2="4" tag="082"><subfield code="a">578.6/2</subfield><subfield code="2">23</subfield></datafield><datafield ind1=" " ind2=" " tag="090"><subfield code="a">JUV SPI INV 2015</subfield><subfield code="b">AFMK</subfield></datafield><datafield ind1="1" ind2=" " tag="100"><subfield code="a">Spilsbury, Richard,</subfield><subfield code="d">1963-</subfield><subfield code="e">author.</subfield></datafield><datafield ind1="1" ind2="0" tag="245"><subfield code="a">Invasive species underwater /</subfield><subfield code="c">Richard Spilsbury.</subfield></datafield><datafield ind1=" " ind2="1" tag="264"><subfield code="a">New York :</subfield><subfield code="b">Powerkids Press Publishing,</subfield><subfield code="c">[2015]</subfield></datafield><datafield ind1=" " ind2=" " tag="300"><subfield code="a">32 pages :</subfield><subfield code="b">colored illustrations ;</subfield><subfield code="c">22 cm.</subfield></datafield><datafield ind1=" " ind2=" " tag="336"><subfield code="a">text</subfield><subfield code="2">rdacontent</subfield></datafield><datafield ind1=" " ind2=" " tag="337"><subfield code="a">unmediated</subfield><subfield code="2">rdamedia</subfield></datafield><datafield ind1=" " ind2=" " tag="338"><subfield code="a">volume</subfield><subfield code="2">rdacarrier</subfield></datafield><datafield ind1="0" ind2=" " tag="490"><subfield code="a">Invaders from Earth</subfield></datafield><datafield ind1=" " ind2=" " tag="504"><subfield code="a">Includes bibliographical references and index.</subfield></datafield><datafield ind1="0" ind2=" " tag="505"><subfield code="a">Underwater invaders -- Lionfish -- Zebra mussels -- Asian carp -- Green crab -- Mosquito fish -- Sea walnut -- Veined Rapa whelk -- Snakehead fish -- Red crayfish -- Nile perch -- Large-mouthed bass -- New invasions.</subfield></datafield><datafield ind1=" " ind2="0" tag="650"><subfield code="a">Introduced aquatic organisms</subfield><subfield code="v">Juvenile literature.</subfield></datafield><datafield ind1=" " ind2="0" tag="650"><subfield code="a">Biological invasions</subfield><subfield code="v">Juvenile literature.</subfield></datafield><datafield ind1=" " ind2="0" tag="650"><subfield code="a">Environmental disasters</subfield><subfield code="v">Juvenile literature.</subfield></datafield><datafield ind1=" " ind2=" " tag="596"><subfield code="a">8</subfield></datafield><datafield ind1=" " ind2=" " tag="926"><subfield code="a">JUV SPI INV 2015</subfield><subfield code="w">LC</subfield><subfield code="c">1</subfield><subfield code="i">34917001371934</subfield><subfield code="d">4/29/2015</subfield><subfield code="l">JUVENILE</subfield><subfield code="m">KEYANO</subfield><subfield code="p">$18.75</subfield><subfield code="q">4</subfield><subfield code="r">Y</subfield><subfield code="s">Y</subfield><subfield code="t">CURR_BOOK</subfield><subfield code="u">9/24/2014</subfield><subfield code="o">.STAFF. Rec'd Jan/15 MW</subfield></datafield></record>